@article{barnes2009patchmatch,
  title={PatchMatch: A randomized correspondence algorithm for structural image editing},
  author={Barnes, Connelly and Shechtman, Eli and Finkelstein, Adam and Goldman, Dan B},
  journal={ACM Transactions on Graphics-TOG},
  volume={28},
  number={3},
  pages={24},
  year={2009}
}

@inproceedings{criminisi2003object,
  title={Object removal by exemplar-based inpainting},
  author={Criminisi, Antonio and Perez, Patrick and Toyama, Kentaro},
  booktitle={Computer Vision and Pattern Recognition, 2003. Proceedings. 2003 IEEE Computer Society Conference on},
  volume={2},
  pages={II--II},
  year={2003},
  organization={IEEE}
}

@InProceedings{Glasner09,
  Title                    = {Super-Resolution from a Single Image},
  Author                   = {Daniel Glasner and Shai Bagon and Michal Irani},
  Booktitle                = {IEEE ICCV},
  Year                     = {2009},
}
@incollection{bertalmio2014inpainting,
  title={Inpainting},
  author={Bertalmio, Marcelo and Caselles, Vicent and Masnou, Simon and Sapiro, Guillermo},
  booktitle={Computer Vision},
  pages={401--416},
  year={2014},
  publisher={Springer}
}
@ARTICLE{2017arXiv171203111L,
   author = {{Laube}, P. and {Grunwald}, M. and {Franz}, M.~O. and {Umlauf}, G.
	},
    title = "{Image Inpainting for High-Resolution Textures using CNN Texture Synthesis}",
  journal = {ArXiv e-prints},
archivePrefix = "arXiv",
   eprint = {1712.03111},
 primaryClass = "cs.CV",
 keywords = {Computer Science - Computer Vision and Pattern Recognition},
     year = 2017,
    month = dec,
   adsurl = {http://adsabs.harvard.edu/abs/2017arXiv171203111L},
  adsnote = {Provided by the SAO/NASA Astrophysics Data System}
}
@inproceedings{masnou1998level,
  title={Level lines based disocclusion},
  author={Masnou, Simon and Morel, J-M},
  booktitle={Image Processing, 1998. ICIP 98. Proceedings. 1998 International Conference on},
  pages={259--263},
  year={1998},
  organization={IEEE}
}
